@article{Oliva01,
  author  = {Oliva, Federico and Carnevale, Daniele},
  title   = {Moving Horizon Estimator with filtering and adaptive sampling},
  journal = {IFAC-PapersOnLine},
  year    = {2022},
  issn    = {2405-8963},
  doi     = {\url{https://doi.org/10.1016/j.ifacol.2022.09.044}}
}

@article{Oliva02,
  title   = {On the implementation of Adaptive and Filtered MHE},
  journal = {Arxiv},
  author  = {Oliva, Federico and Carnevale, Daniele},
  year    = {2022}
}

@article{Oliva03,
  title   = {A Trajectory Based Optimization Approach for Hybrid Observer design},
  journal = {CDC proceedings},
  author  = {Oliva, Federico and Mattogno, Simone and Carnevale, Daniele},
  year    = {2023}
}

@article{Oren2022,
  author  = {Elmakis, Oren and Shaked, Tom and Degani, Amir},
  journal = {IEEE Access},
  title   = {Vision-Based UAV-UGV Collaboration for Autonomous Construction Site Preparation},
  year    = {2022},
  doi     = {10.1109/ACCESS.2022.3170408}
}

@misc{UWBmodules,
  title        = {UWB modules},
  howpublished = {\url{https://www.uwbleader.com/uwb-module/uwb-modules.html}},
  year         = {2022}
}

@misc{UWBdecawave,
  title        = {UWB modules - decawave},
  howpublished = {\url{https://www.qorvo.com/innovation/ultra-wideband}},
  year         = {2022}
}

@article{PANIGRAHI2022,
  title   = {Localization strategies for autonomous mobile robots: A review},
  author  = {Prabin Kumar Panigrahi and Sukant Kishoro Bisoy},
  journal = {Journal of King Saud University - Computer and Information Sciences},
  volume  = {34},
  number  = {8, Part B},
  pages   = {6019-6039},
  year    = {2022},
  issn    = {1319-1578},
  doi     = {https://doi.org/10.1016/j.jksuci.2021.02.015}
}

@inproceedings{ESAN2020,
  author    = {Esan, Oluwayinka and Du, Shengzhi and Lodewyk, Beneke},
  booktitle = {2020 International Conference on Artificial Intelligence, Big Data, Computing and Data Communication Systems (icABCD)},
  title     = {Review on Autonomous Indoor Wheel Mobile Robot Navigation Systems},
  year      = {2020},
  volume    = {},
  number    = {},
  pages     = {1-6},
  doi       = {10.1109/icABCD49160.2020.9183838}
}

@incollection{AULINAS2008,
  title     = {The SLAM problem: a survey},
  author    = {Aulinas, Josep and Petillot, Yvan and Salvi, Joaquim and Lladó, Xavier},
  booktitle = {Artificial Intelligence Research and Development},
  year      = {2008},
  publisher = {IOS Press Ebooks},
  volume    = {184},
  pages     = {363 - 371},
  doi       = {10.3233/978-1-58603-925-7-363}
}


@article{BARROS2022,
  author  = {Macario Barros, Andréa and Michel, Maugan and Moline, Yoann and Corre, Gwenolé and Carrel, Frédérick},
  title   = {A Comprehensive Survey of Visual SLAM Algorithms},
  journal = {Robotics},
  volume  = {11},
  year    = {2022},
  number  = {1},
  doi     = {10.3390/robotics11010024}
}


@article{YEONG2021,
  author  = {Yeong, De Jong and Velasco-Hernandez, Gustavo and Barry, John and Walsh, Joseph},
  title   = {Sensor and Sensor Fusion Technology in Autonomous Vehicles: A Review},
  journal = {Sensors},
  volume  = {21},
  year    = {2021},
  number  = {6},
  doi     = {10.3390/s21062140}
}

@article{FOX1999,
  title   = {Markov Localization for Mobile Robots in Dynamic Environments},
  author  = {Dieter, Fox and Burgard, Wolfram and Thrun, Sebastian },
  journal = {Journal of Artificial Inteligence Research},
  year    = {1999},
  volume  = {11},
  pages   = {391-427},
  doi     = {https://doi.org/10.1613/jair.616}
}


@article{FAYYAD2020,
  author  = {Fayyad, Jamil and Jaradat, Mohammad A. and Gruyer, Dominique and Najjaran, Homayoun},
  title   = {Deep Learning Sensor Fusion for Autonomous Vehicle Perception and Localization: A Review},
  journal = {Sensors},
  volume  = {20},
  year    = {2020},
  number  = {15},
  doi     = {10.3390/s20154220}
}

%%% KALMAN %%%

@article{KIMPARK2020,
  author  = {Kim T and Park TH},
  title   = {Extended Kalman Filter (EKF) Design for Vehicle Position Tracking Using Reliability Function of Radar and Lidar},
  journal = {Sensors (Basel)},
  year    = {2020},
  doi     = {doi:10.3390/s20154126}
}

@article{KACZMAREK2022,
  title   = {Experimental 2D extended Kalman filter sensor fusion for low-cost GNSS/IMU/Odometers precise positioning system},
  journal = {Measurement},
  volume  = {193},
  pages   = {110963},
  year    = {2022},
  issn    = {0263-2241},
  doi     = {https://doi.org/10.1016/j.measurement.2022.110963},
  author  = {Adrian Kaczmarek and Witold Rohm and Lasse Klingbeil and Janusz Tchórzewski}
}

@inproceedings{ARMESTO2004,
  author    = {Armesto, L. and Chroust, S. and Vincze, M. and Tornero, J.},
  booktitle = {IEEE International Conference on Robotics and Automation, 2004. Proceedings. ICRA '04. 2004},
  title     = {Multi-rate fusion with vision and inertial sensors},
  year      = {2004},
  volume    = {1},
  number    = {},
  pages     = {193-199 Vol.1},
  doi       = {10.1109/ROBOT.2004.1307150}
}

  @article{ARMESTO2008,
  title   = {On multi-rate fusion for non-linear sampled-data systems: Application to a 6D tracking system},
  journal = {Robotics and Autonomous Systems},
  volume  = {56},
  number  = {8},
  pages   = {706-715},
  year    = {2008},
  doi     = {https://doi.org/10.1016/j.robot.2007.11.009},
  author  = {L. Armesto and J. Tornero and M. Vincze}
}

@inproceedings{MOURIKIS2007,
  title        = {A multi-state constraint Kalman filter for vision-aided inertial navigation},
  author       = {Mourikis, Anastasios I and Roumeliotis, Stergios I},
  booktitle    = {Proceedings 2007 IEEE international conference on robotics and automation},
  pages        = {3565--3572},
  year         = {2007},
  organization = {IEEE}
}

@article{MEHRA1970,
  author  = {Mehra, R.},
  journal = {IEEE Transactions on Automatic Control},
  title   = {On the identification of variances and adaptive Kalman filtering},
  year    = {1970},
  volume  = {15},
  number  = {2},
  pages   = {175-184},
  doi     = {10.1109/TAC.1970.1099422}
}

@article{MOHAMED1998,
  author  = {Mohamed, A.H. and Schwarz, K.P.},
  title   = {Adaptive Kalman Filtering for INS/GPS},
  journal = {Journal of Geodesy},
  year    = {1999},
  volume  = {73},
  pages   = {193-203},
  doi     = {https://doi.org/10.1007/s001900050236}
}

@article{BARRAU2017,
  author  = {Barrau, Axel and Bonnabel, Silvere},
  title   = {The invariant extended Kalman filter as a stable observer},
  year    = {2017},
  journal = {IEEE Transactions on Automatic Control},
  volume  = {62},
  number  = {4},
  pages   = {1797 – 1812},
  doi     = {10.1109/TAC.2016.2594085}
}

%% HYBRID %%%
@article{GOEBEL2009,
  title     = {Hybrid dynamical systems},
  author    = {Goebel, Rafal and Sanfelice, Ricardo G and Teel, Andrew R},
  journal   = {IEEE control systems magazine},
  volume    = {29},
  number    = {2},
  pages     = {28--93},
  year      = {2009},
  publisher = {IEEE}
}

@article{ALONGE2019,
  title     = {A hybrid observer for localization of mobile vehicles with asynchronous measurements},
  author    = {Alonge, Francesco and D'Ippolito, Filippo and Garraffa, Giovanni and Sferlazza, Antonino},
  journal   = {Asian Journal of Control},
  volume    = {21},
  number    = {4},
  pages     = {1506--1521},
  year      = {2019},
  publisher = {Wiley Online Library}
}

@article{BERKANE2019,
  title   = {Attitude estimation with intermittent measurements},
  journal = {Automatica},
  volume  = {105},
  pages   = {415-421},
  year    = {2019},
  doi     = {https://doi.org/10.1016/j.automatica.2019.04.012},
  author  = {Soulaimane Berkane and Abdelhamid Tayebi}
}

@article{WANG202001,
  title     = {Nonlinear state estimation for inertial navigation systems with intermittent measurements},
  author    = {Wang, Miaomiao and Tayebi, Abdelhamid},
  journal   = {Automatica},
  volume    = {122},
  pages     = {109244},
  year      = {2020},
  publisher = {Elsevier}
}

@article{WANG202002,
  title     = {Hybrid nonlinear observers for inertial navigation using landmark measurements},
  author    = {Wang, Miaomiao and Tayebi, Abdelhamid},
  journal   = {IEEE Transactions on Automatic Control},
  volume    = {65},
  number    = {12},
  pages     = {5173--5188},
  year      = {2020},
  publisher = {IEEE}
}

@article{SFERLAZZA2018,
  title     = {Time-varying sampled-data observer with asynchronous measurements},
  author    = {Sferlazza, Antonino and Tarbouriech, Sophie and Zaccarian, Luca},
  journal   = {IEEE Transactions on Automatic Control},
  volume    = {64},
  number    = {2},
  pages     = {869--876},
  year      = {2018},
  publisher = {IEEE}
}

@inproceedings{ZHOU2009,
  title        = {An efficient least-squares trilateration algorithm for mobile robot localization},
  author       = {Zhou, Yu},
  booktitle    = {2009 IEEE/RSJ International Conference on Intelligent Robots and Systems},
  pages        = {3474--3479},
  year         = {2009},
  organization = {IEEE}
}

@inproceedings{TENAGLIA2023,
  title        = {A robust optimization approach for dynamic input allocation},
  author       = {Tenaglia, Alessandro and Oliva, Federico and Sassano, Mario and Galeani, Sergio and Carnevale, Daniele},
  booktitle    = {Accepted for 2023 IFAC World Congress},
  organization = {IFAC},
  year         = {2023}
}

@misc{DW1000,
  title        = {DW1000 datasheet - Qorvo},
  howpublished = {\url{https://www.qorvo.com/products/d/da007946}}
}

@inproceedings{MZZ2009,
  author    = {E. Menegatti and A. Zanella and S. Zilli and F. Zorzi and E. Pagello},
  title     = {Range-only {SLAM} with a mobile robot and a wireless sensor networks},
  booktitle = {IEEE Int. Conf. Robot. Autom.},
  month     = May,
  year      = 2009,
  pages     = {8-14}
}

@article{OLT2006,
  author  = {E. Olson, J. J. Leonard and S. Teller},
  title   = {Robust range-only beacon localization},
  journal = {IEEE Journal of Oceanic Engineering},
  year    = 2006
}

@article{s110202035,
  author   = {Segura, Marcelo J. and Auat Cheein, Fernando A. and Toibero, Juan M. and Mut, Vicente and Carelli, Ricardo},
  title    = {Ultra Wide-Band Localization and {SLAM}: A Comparative Study for Mobile Robot Navigation},
  journal  = {Sensors},
  volume   = {11},
  year     = {2011},
  number   = {2},
  pages    = {2035--2055},
  url      = {https://www.mdpi.com/1424-8220/11/2/2035},
  pubmedid = {22319397},
  issn     = {1424-8220},
  doi      = {10.3390/s110202035}
}

@article{2018Qin,
  title     = {{Visual-UWB} Navigation System for Unknown Environments},
  issn      = {2331-5954},
  url       = {http://dx.doi.org/10.33012/2018.15962},
  doi       = {10.33012/2018.15962},
  journal   = {ION GNSS+, The International Technical Meeting of the Satellite Division of The Institute of Navigation},
  publisher = {Institute of Navigation},
  author    = {Shi, Qin and Cui, Xiaowei and Li, Wei and Xia, Yu and Lu, Mingquan},
  year      = {2018},
  month     = {Oct}
}


% Khalil
@book{KHALIL2002,
  title     = {Nonlinear Systems},
  author    = {Khalil, H.K.},
  isbn      = {9780130673893},
  series    = {Pearson Education},
  year      = {2002},
  publisher = {Prentice Hall}
}

@article{CARNEVALE2016,
  author  = {Carnevale, Daniele and Galeani, Sergio and Menini, Laura and Sassano, Mario},
  journal = {IEEE Transactions on Automatic Control},
  title   = {Hybrid Output Regulation for Linear Systems With Periodic Jumps: Solvability Conditions, Structural Implications and Semi-Classical Solutions},
  year    = {2016},
  volume  = {61},
  number  = {9},
  pages   = {2416-2431}
}

@article{Challa,
  author  = {M. S. {Challa} and J. G. {Moore} and D. J. {Rogers}},
  title   = {A Simple Attitude Unscented Kalman Filter: Theory and Evaluation in a Magnetometer-Only Spacecraft Scenario},
  journal = {IEEE Access},
  year    = {2016}
}






